<record><leader>00000cas a22000007a 4500</leader><controlfield tag="001">17536289</controlfield><controlfield tag="008">880225u1942uuuulauwr ne      0    0eng d</controlfield><datafield ind1=" " ind2=" " tag="010"><subfield code="a">sn 88064180 </subfield></datafield><datafield ind1=" " ind2=" " tag="040"><subfield code="a">LNP</subfield><subfield code="b">eng</subfield><subfield code="c">LNP</subfield><subfield code="d">OCLCQ</subfield></datafield><datafield ind1=" " ind2=" " tag="042"><subfield code="a">msc</subfield></datafield><datafield ind1="0" ind2="0" tag="245"><subfield code="a">Barksdale's bark.</subfield></datafield><datafield ind1=" " ind2=" " tag="260"><subfield code="a">Barksdale Field, La. :</subfield><subfield code="b">Special Service Office</subfield></datafield><datafield ind1=" " ind2=" " tag="310"><subfield code="a">Weekly</subfield></datafield><datafield ind1="0" ind2=" " tag="362"><subfield code="a">Vol. 1, no. 1 (Dec. 19, 1941 [i.e. 1942])-</subfield></datafield><datafield ind1=" " ind2=" " tag="500"><subfield code="a">Title varies slightly: Barksdale bark, Jan. 8, 1944-</subfield></datafield><datafield ind1=" " ind2=" " tag="515"><subfield code="a">Dec. 19, 1942 issue misdated Dec. 19, 1941.</subfield></datafield><datafield ind1=" " ind2="4" tag="651"><subfield code="a">Barksdale Field (La.)</subfield><subfield code="v">Newspapers.</subfield></datafield><datafield ind1=" " ind2=" " tag="752"><subfield code="a">United States</subfield><subfield code="b">Louisiana</subfield><subfield code="c">Bossier</subfield><subfield code="d">Barksdale Field.</subfield></datafield></record>